<record><leader>00000cas a22000007a 4500</leader><controlfield tag="001">11053017</controlfield><controlfield tag="008">840814d18711879inudn ne      0    0eng d</controlfield><datafield ind1=" " ind2=" " tag="010"><subfield code="a">sn 84027375 </subfield></datafield><datafield ind1=" " ind2=" " tag="040"><subfield code="a">NPU</subfield><subfield code="b">eng</subfield><subfield code="c">NPU</subfield><subfield code="d">NPX</subfield><subfield code="d">NPI</subfield><subfield code="d">OCLCQ</subfield></datafield><datafield ind1=" " ind2=" " tag="042"><subfield code="a">msc</subfield></datafield><datafield ind1="0" ind2=" " tag="130"><subfield code="a">Fort Wayne daily sentinel (Fort Wayne, Ind. : 1871)</subfield></datafield><datafield ind1="1" ind2="0" tag="245"><subfield code="a">Fort Wayne daily sentinel.</subfield></datafield><datafield ind1=" " ind2=" " tag="260"><subfield code="a">Fort Wayne, Ind. :</subfield><subfield code="b">R.D. Dumm &amp; Co.,</subfield><subfield code="c">1871-1879.</subfield></datafield><datafield ind1=" " ind2=" " tag="300"><subfield code="a">9 v.</subfield></datafield><datafield ind1=" " ind2=" " tag="310"><subfield code="a">Daily (except Sun.)</subfield></datafield><datafield ind1="0" ind2=" " tag="362"><subfield code="a">Vol. 11, no. 6 (Jan. 23, 1871)-v. 19, no. 102 (Apr. 30, 1879).</subfield></datafield><datafield ind1=" " ind2=" " tag="580"><subfield code="a">Weekly ed.: Fort Wayne weekly sentinel (Fort Wayne, Ind. : 1871).</subfield></datafield><datafield ind1=" " ind2=" " tag="752"><subfield code="a">United States</subfield><subfield code="b">Indiana</subfield><subfield code="c">Allen</subfield><subfield code="d">Fort Wayne.</subfield></datafield><datafield ind1="1" ind2=" " tag="775"><subfield code="t">Fort Wayne weekly sentinel (Fort Wayne, Ind. : 1871)</subfield><subfield code="w">(DLC)sn 84027377</subfield></datafield><datafield ind1="0" ind2="0" tag="780"><subfield code="t">Fort Wayne sentinel (Fort Wayne, Ind. : Daily : 1871)</subfield><subfield code="w">(DLC)sn 96069502</subfield></datafield><datafield ind1="0" ind2="0" tag="785"><subfield code="t">Fort Wayne sentinel (Fort Wayne, Ind. : Daily : 1879)</subfield><subfield code="w">(DLC)sn 87055997</subfield></datafield></record>